<record><leader>00000cas a22000007a 4500</leader><controlfield tag="001">17536875</controlfield><controlfield tag="008">880225d19231931msusr ne      0    0eng d</controlfield><datafield ind1=" " ind2=" " tag="010"><subfield code="a">sn 88067045 </subfield></datafield><datafield ind1=" " ind2=" " tag="040"><subfield code="a">MSJ</subfield><subfield code="b">eng</subfield><subfield code="c">MSJ</subfield><subfield code="d">OCL</subfield><subfield code="d">OCLCQ</subfield><subfield code="d">OCLCF</subfield><subfield code="d">OCLCO</subfield></datafield><datafield ind1="1" ind2=" " tag="029"><subfield code="a">AU@</subfield><subfield code="b">000025827487</subfield></datafield><datafield ind1=" " ind2=" " tag="042"><subfield code="a">msc</subfield></datafield><datafield ind1=" " ind2=" " tag="043"><subfield code="a">n-us-ms</subfield></datafield><datafield ind1="0" ind2=" " tag="130"><subfield code="a">Echo (Meridian, Miss. : 1923)</subfield></datafield><datafield ind1="1" ind2="4" tag="245"><subfield code="a">The Echo.</subfield></datafield><datafield ind1=" " ind2=" " tag="260"><subfield code="a">Meridian, Miss. :</subfield><subfield code="b">Rev. R.L. Young,</subfield><subfield code="c">1923-1931.</subfield></datafield><datafield ind1=" " ind2=" " tag="310"><subfield code="a">Semimonthly</subfield></datafield><datafield ind1="0" ind2=" " tag="362"><subfield code="a">Vol. 1, no. 1 (Aug. 1, 1923)-v. 9, no. 2 (Aug. 15, 1931).</subfield></datafield><datafield ind1=" " ind2=" " tag="500"><subfield code="a">"To Acquaint the people with the spirit of the Holbrook Benevolent Association."</subfield></datafield><datafield ind1=" " ind2="0" tag="650"><subfield code="a">African Americans</subfield><subfield code="z">Mississippi</subfield><subfield code="v">Newspapers.</subfield></datafield><datafield ind1=" " ind2="7" tag="655"><subfield code="a">Newspapers.</subfield><subfield code="2">fast</subfield><subfield code="0">(OCoLC)fst01423814</subfield></datafield><datafield ind1=" " ind2="7" tag="650"><subfield code="a">African Americans.</subfield><subfield code="2">fast</subfield><subfield code="0">(OCoLC)fst00799558</subfield></datafield><datafield ind1=" " ind2="7" tag="651"><subfield code="a">Mississippi.</subfield><subfield code="2">fast</subfield><subfield code="0">(OCoLC)fst01207034</subfield></datafield><datafield ind1="2" ind2=" " tag="710"><subfield code="a">Holbrook Benevolent Association.</subfield></datafield><datafield ind1=" " ind2=" " tag="752"><subfield code="a">United States</subfield><subfield code="b">Mississippi</subfield><subfield code="c">Lauderdale</subfield><subfield code="d">Meridian.</subfield></datafield><datafield ind1="0" ind2="0" tag="785"><subfield code="t">Weekly echo (Meridian, Miss.)</subfield><subfield code="w">(OCoLC)15716025</subfield></datafield></record>